@ARTICLE{li/etal:2014,
   author = {{Li}, T.~Y. and {Alvarez}, M.~A. and {Wechsler}, R.~H. and {Abel}, T.
	},
    title = "{Reionization Histories of Milky Way Mass Halos}",
  journal = {The Astrophysical Journal},
archivePrefix = "arXiv",
   eprint = {1306.2971},
 primaryClass = "astro-ph.CO",
 keywords = {cosmology: theory, dark ages, reionization, first stars, dark matter, galaxies: formation },
     year = 2014,
    month = apr,
   volume = 785,
      eid = {134},
    pages = {134},
      doi = {10.1088/0004-637X/785/2/134},
   adsurl = {http://adsabs.harvard.edu/abs/2014ApJ...785..134L},
  adsnote = {Provided by the SAO/NASA Astrophysics Data System}
}
